@article{guibas1989optimal,
  title={Optimal shortest path queries in a simple polygon},
  author={Guibas and Hershberger},
  journal={JoCSS},
  year={1989}
}

@article{agarwal2013range,
  title={On range searching with semialgebraic sets.},
  author={Agarwal and Matousek and Sharir},
  journal={JoC},
  year={2013}
}
@article{welzl1985constructing,
  title={Constructing the visibility graph for n-line segments in O (n2) time},
  author={Welzl, Emo},
  journal={Information Processing Letters},
  volume={20},
  number={4},
  pages={167--171},
  year={1985},
  publisher={Elsevier}
}
@article{BOSE2002313,
title = "Efficient visibility queries in simple polygons",
journal = "Computational Geometry",
volume = "23",
number = "3",
pages = "313 - 335",
year = "2002",
issn = "0925-7721",
doi = "https://doi.org/10.1016/S0925-7721(01)00070-0",
url = "http://www.sciencedirect.com/science/article/pii/S0925772101000700",
author = "Prosenjit Bose and Anna Lubiw and J.Ian Munro"
}
@article{POCCHIOLA1996279,
author={Pocchiola,Michel and Vegter,Gert},
year={1996},
title={The visibility complex},
journal={International Journal of Computational Geometry and Applications},
volume={6},
number={3},
pages={279-308},
keywords={Visibility graph; Computational geometry; Visibility complex; Pseudo-triangulation; Visibility polygon; Pseudotriangle; GRAPH; MATHEMATICS, APPLIED; PLANE; COMPUTING VISIBILITY; ALGORITHM; TIME},
isbn={0218-1959},
language={English},
}
@article{SHARIR2005239,
title = "Ray shooting and stone throwing with near-linear storage",
journal = "Computational Geometry",
volume = "30",
number = "3",
pages = "239 - 252",
year = "2005",
issn = "0925-7721",
doi = "https://doi.org/10.1016/j.comgeo.2004.10.001",
url = "http://www.sciencedirect.com/science/article/pii/S0925772104001038",
author = "Micha Sharir and Hayim Shaul",
keywords = "Ray shooting, Range searching, Data structures, Parametric search",
abstract = "The paper presents two algorithms involving shooting in three dimensions. We first present an algorithm for performing ray shooting amid several special classes of n triangles in three dimensions, including sets of fat triangles, and sets of triangles stabbed by a common line. In all these special cases, our technique requires near-linear preprocessing and storage, and answers a query in O(n2/3+É›) time. This improves the best known result of O(n3/4+É›) query time (with near-linear storage) for general triangles. The second algorithm handles stone-throwing amid arbitrary triangles in 3-space, where the curves along which we shoot are vertical parabolic arcs that are trajectories of stones thrown under gravity. We present an algorithm that answers stone-throwing queries in O(n3/4+É›) time, using near linear storage and preprocessing. As far as we know, this is the first nontrivial solution of this problem. Several extensions of both algorithms are also presented."
}
@Article{Aronov2002,
author="Aronov
and Guibas
and Teichmann
and Zhang",
title="Visibility Queries and Maintenance in Simple Polygons",
journal="Discrete {\&} Computational Geometry",
year="2002",
month="Jan",
day="01",
volume="27",
number="4",
pages="461--483",
issn="1432-0444",
doi="10.1007/s00454-001-0089-9",
url="https://doi.org/10.1007/s00454-001-0089-9"
}
@article{AgarwalM94,
  author    = {Pankaj K. Agarwal and
               Ji{v{r}}{'{i}} Matou{v{s}}ek},
  title     = {On Range Searching with Semialgebraic Sets},
  journal   = {Discrete {\&} Computational Geometry},
  volume    = {11},
  pages     = {393--418},
  year      = {1994},
  url       = {https://doi.org/10.1007/BF02574015},
  doi       = {10.1007/BF02574015},
  timestamp = {Tue, 26 Jun 2018 14:10:01 +0200},
  biburl    = {https://dblp.org/rec/bib/journals/dcg/AgarwalM94},
  bibsource = {dblp computer science bibliography, https://dblp.org}
}
@article{GuibasHS91,
  author    = {Leonidas J. Guibas and
               John Hershberger and
               Jack Snoeyink},
  title     = {Compact interval trees: a data structure for convex hulls},
  journal   = {Int. J. Comput. Geometry Appl.},
  volume    = {1},
  number    = {1},
  pages     = {1--22},
  year      = {1991},
  url       = {https://doi.org/10.1142/S0218195991000025},
  doi       = {10.1142/S0218195991000025},
  timestamp = {Wed, 03 Jan 2018 16:51:51 +0100},
  biburl    = {https://dblp.org/rec/bib/journals/ijcga/GuibasHS91},
  bibsource = {dblp computer science bibliography, https://dblp.org}
}


@PHDTHESIS{moet,
  author = {Ether Moet},
  title = {Computation and complexity of visibility in geometric environments},
  school = {Utrecht University},
  year = {2008},
  degree = {PhD}
}

@INPROCEEDINGS{amgpvz-sssaps-06,
  author = {Deepak Agarwal and Andrew McGregor and Jeff M. Phillips and Suresh
	Venkatasubramanian and Zhengyuan Zhu},
  title = {Spatial scan statistics: approximations and performance study},
  booktitle = {KDD},
  year = {2006},
  bdsk-url-1 = {http://doi.acm.org/10.1145/1150402.1150410},
  date-modified = {2011-02-07 23:42:18 -0700}
}

@INPROCEEDINGS{ACTY09,
  author = {Pankaj K. Agarwal and Siu-Wing Cheng and Yufei Tao and Ke Yi},
  title = {Indexing Uncertain Data},
  booktitle = {PODS},
  year = {2009},
  pages = {137--146},
  date-added = {2009-10-15 11:08:23 -0600},
  date-modified = {2009-10-15 11:08:23 -0600}
}

@ARTICLE{AHV07,
  author = {Pankaj K. Agarwal and Sariel Har-Peled and Kasturi Varadarajan},
  title = {Geometric Approximations via Coresets},
  journal = {Current Trends in Combinatorial and Computational Geometry (E. Welzl,
	ed.)},
  year = {2007},
  date-added = {2012-03-30 04:12:48 +0000},
  date-modified = {2012-03-30 04:12:48 +0000},
  keywords = {Cambridge University Press, New York}
}

@ARTICLE{AHV04,
  author = {Pankaj K. Agarwal and Sariel Har-Peled and Kasturi R. Varadarajan},
  title = {Approximating Extent Measure of Points},
  journal = {Journal of ACM},
  year = {2004},
  volume = {51},
  pages = {2004},
  number = {4},
  date-added = {2008-06-19 02:07:27 -0400},
  date-modified = {2008-06-19 02:12:57 -0400}
}

@ARTICLE{AS00,
  author = {Rakesh Agarwal and Ramakrishnan Srikant},
  title = {Privacy-Preserving Data Mining},
  journal = {ACM SIGMOD Record},
  year = {2000},
  volume = {29},
  pages = {439-450},
  date-added = {2008-11-21 16:29:35 -0500},
  date-modified = {2008-11-21 16:31:15 -0500}
}

@INPROCEEDINGS{ABSHNSW06,
  author = {Parag Agrawal and Omar Benjelloun and Anish Das Sarma and Chris Hayworth
	and Shibra Nabar and Tomoe Sugihara and Jennifer Widom},
  title = {Trio: A System for Data, Uncertainty, and Lineage},
  booktitle = {PODS},
  year = {2006},
  date-added = {2010-06-10 22:21:14 -0600},
  date-modified = {2011-02-07 23:42:08 -0700}
}

@INPROCEEDINGS{abkkrs-srco-09,
  author = {Hee-Kap Ahn and Sang Won Bae and Sang-Sub Kim and Matias Korman and
	Iris Reinbacher and Wanbin Son},
  title = {Square and Rectangle Covering with Outliers},
  booktitle = {Proc. 25th European Workshop on Computational Geometry},
  year = {2009},
  pages = {273--276}
}

@INPROCEEDINGS{AJKO08,
  author = {Lyublena Antova and Thomas Jansen and Christoph Koch and Dan Olteanu},
  title = {Fast and Simple Relational Processing of Uncertain Data},
  booktitle = {IEEE 24rd International Conference on Data Engineering},
  year = {2008},
  date-added = {2010-06-10 22:36:49 -0600},
  date-modified = {2010-06-10 22:38:00 -0600}
}

@INPROCEEDINGS{AKO07,
  author = {Lyublena Antova and Christoph Koch and Dan Olteanu},
  title = {$10^{10^6}$ Worlds and Beyond: Efficient Representation and Processing
	of Incomplete Information},
  booktitle = {IEEE 23rd International Conference on Data Engineering},
  year = {2007},
  date-added = {2010-06-10 22:23:54 -0600},
  date-modified = {2010-06-10 22:26:08 -0600}
}

@ARTICLE{mmpsw-aoor-09,
  author = {Rossen Atanassov and Prosenjit Bose and Mathieu Couture and Anil
	Maheshwari and Pat Morin and Michel Paquette and Michiel Smid and
	Stefanie Wuhrer},
  title = {Algorithms for Optimal Outlier Removal},
  journal = {Journal of Discrete Algorithms},
  year = {2009},
  volume = {7},
  pages = {239--248},
  number = {2}
}

@INPROCEEDINGS{BC03,
  author = {Mihai B\u{a}doiu and Ken Clarkson},
  title = {Smaller Core-sets for Balls},
  booktitle = {Proceedings of the 14th Annual ACM-SIAM Symposium on Discrete Algorithms},
  year = {2003},
  date-added = {2008-10-29 21:53:58 -0400},
  date-modified = {2008-10-29 21:56:12 -0400}
}

@INPROCEEDINGS{bs-ads-04,
  author = {Deepak Bandyopadhyay and Jack Snoeyink},
  title = {Almost-{D}elaunay Simplices: Nearest Neighbor Relations for Imprecise
	Points},
  booktitle = {SODA},
  year = {2004},
  pages = {410--419},
  cvsection = {conf},
  date-modified = {2011-02-07 23:42:37 -0700},
  nssection = {refconf}
}

@INPROCEEDINGS{Ban10,
  author = {Nikhil Bansal},
  title = {Constructive Algorithms for Discrepancy Minimization},
  booktitle = {Proceedings 51st Annual IEEE Symposium on Foundations of Computer
	Science},
  year = {2010},
  pages = {407--414},
  date-added = {2012-03-30 05:15:01 +0000},
  date-modified = {2012-03-30 05:15:01 +0000}
}

@ARTICLE{BPR96,
  author = {Saugata Basu and Richard Pollack and Marie-Francoise Roy},
  title = {On the Number of Cells Defined by a Family of Polynomials on a Variety},
  journal = {Mathematika},
  year = {1996},
  volume = {43},
  pages = {120-126},
  date-added = {2008-10-21 17:56:21 -0400},
  date-modified = {2008-10-21 18:01:44 -0400}
}

@INPROCEEDINGS{BZ04,
  author = {Jinbo Bi and Tong Zhang},
  title = {Support Vector Classification with Input Data Uncertainty},
  booktitle = {NIPS},
  year = {2004},
  date-added = {2009-10-15 11:32:23 -0600},
  date-modified = {2011-02-07 23:42:50 -0700}
}

@INPROCEEDINGS{bbklls-cahd-08,
  author = {Kevin Buchin and Maike Buchin and Marc van Kreveld and Maarten L{\"o}ffler
	and Jun Luo and Rodrigo I. Silveira},
  title = {Clustering in Aggregated Health Data},
  booktitle = {Spatial Data Handling},
  year = {2008},
  date-modified = {2011-02-07 23:43:10 -0700},
  venue = {SDH}
}

@INPROCEEDINGS{bkls-rbapd-14,
  author = {K. Buchin and I. Kostitsyna and M. L{\"o}ffler and R.~I. Silveira},
  title = {Region-based approximation of probability distributions (for visibility
	between imprecise points among obstacles)},
  booktitle = {Abstracts 30th European Workshop on Computational Geometry},
  year = {2014}
}

@TECHREPORT{previous,
  author = {Kevin Buchin and Irina Kostitsyna and Maarten L{\"o}ffler and Rodrigo
	I. Silveira},
  title = {Region-based approximation of probability distributions (for visibility
	between imprecise points among obstacles)},
  institution = {arXiv:1402.5681v1},
  year = {2014}
}

@article
{ bkls-rbavil-19
, author      = "Kevin Buchin and Irina Kostitsyna and Maarten L{\"o}ffler and Rodrigo I. Silveira"
, title       = "Region-based approximation of probability distributions (for visibility between imprecise points among obstacles)"
, journal     = "Algorithmica"
, year        = "2019"
, pages       = "1--34"
, url         = "http://dx.doi.org/10.1007/s00453-019-00551-2"
, doi         = "10.1007/s00453-019-00551-2"
}

@ARTICLE{Cha06,
  author = {Timothy Chan},
  title = {Faster Core-Set Constructions and Data-Stream Algorithms in Fixed
	Dimensions},
  journal = {Computational Geometry: Theory and Applications},
  year = {2006},
  volume = {35},
  pages = {20-35},
  date-added = {2008-11-13 23:46:04 -0500},
  date-modified = {2008-11-13 23:46:04 -0500}
}

@ARTICLE{CM96,
  author = {Bernard Chazelle and Jiri Matousek},
  title = {On Linear-Time Deterministic Algorithms for Optimization Problems
	in Fixed Dimensions},
  journal = {Journal of Algorithms},
  year = {1996},
  volume = {21},
  pages = {579-597},
  date-added = {2008-01-08 16:39:18 -0500},
  date-modified = {2008-01-08 16:39:18 -0500}
}

@MISC{Durand00amultidisciplinary,
    author = {Fredo Durand},
    title = {A Multidisciplinary Survey of Visibility},
    year = {2000}
}

@article{durand2000multidisciplinary,
  title={A multidisciplinary survey of visibility},
  author={Durand, Fr{\'e}do},
  journal={ACM Siggraph course notes Visibility, Problems, Techniques, and Applications},
  year={2000}
}

@article{DKRRS2017KineticAPSPEuroCG,
  author={Diez, Yago and Korman, Matias and van Renssen, Andr\'e and Roeloffzen, Marcel and Staals, Frank},
  title={Kinetic All-Pairs Shortest Path in a Simple Polygon},
  journal={33rd European Workshop on Computational Geometry (EuroCG 2017)},
  year={2017},
  pages={21-24},
  note={abstract}
}

@inproceedings{karavelas2001static,
  title={Static and kinetic geometric spanners with applications},
  author={Karavelas, Menelaos I and Guibas, Leonidas J},
  booktitle={Proceedings of the twelfth annual ACM-SIAM symposium on Discrete algorithms},
  pages={168--176},
  year={2001},
  organization={Society for Industrial and Applied Mathematics}
}

@article{aronov2002visibility,
  title={Visibility queries and maintenance in simple polygons},
  author={Aronov, Boris and Guibas, Leonidas J and Teichmann, Marek and Zhang, Li},
  journal={Discrete \& Computational Geometry},
  volume={27},
  number={4},
  pages={461--483},
  year={2002},
  publisher={Springer}
}

@inproceedings{mulmuley1991hidden,
  title={Hidden surface removal with respect to a moving view point},
  author={Mulmuley, Ketan},
  booktitle={Proceedings of the twenty-third annual ACM symposium on Theory of computing},
  pages={512--522},
  year={1991},
  organization={ACM}
}

@article{cardinal2017recognition,
  title={Recognition and complexity of point visibility graphs},
  author={Cardinal, Jean and Hoffmann, Udo},
  journal={Discrete \& Computational Geometry},
  volume={57},
  number={1},
  pages={164--178},
  year={2017},
  publisher={Springer}
}

@article{bern1994visibility,
  title={Visibility with a moving point of view},
  author={Bern, Marshall and Dobkin, David and Eppstein, David and Grossman, Robert},
  journal={Algorithmica},
  volume={11},
  number={4},
  pages={360--378},
  year={1994},
  publisher={Springer}
}

@article{Ghosh:2013:UPV:2543581.2543589,
 author = {Ghosh, Subir K. and Goswami, Partha P.},
 title = {Unsolved Problems in Visibility Graphs of Points, Segments, and Polygons},
 journal = {ACM Comput. Surv.},
 issue_date = {November 2013},
 volume = {46},
 number = {2},
 month = dec,
 year = {2013},
 issn = {0360-0300},
 pages = {22:1--22:29},
 articleno = {22},
 numpages = {29},
 url = {http://doi.acm.org/10.1145/2543581.2543589},
 doi = {10.1145/2543581.2543589},
 acmid = {2543589},
 publisher = {ACM},
 address = {New York, NY, USA},
 keywords = {Blockers, coloring, conjecture, connectivity, cycle, dominating set, hidden set, maximum clique, obstacles, open problems, points, polygons, segments, visibility graphs},
} 


@INPROCEEDINGS{CCMC08,
  author = {Reynold Cheng and Jichuan Chen and Mohamed Mokbel and Chi-Yin Chow},
  title = {Probability Verifiers: Evaluating Constrainted Nearest-Neighbor Queries
	over Uncertain Data},
  booktitle = {Proceedings Interantional Conference on Data Engineering},
  year = {2008},
  date-added = {2012-03-30 05:13:52 +0000},
  date-modified = {2012-03-30 05:13:52 +0000}
}

@INPROCEEDINGS{CKP03,
  author = {Reynold Cheng and Dmitri V. Kalashnikov and Sunil Prabhakar},
  title = {Evaluating Probabilitic Queries Over Imprecise Data},
  booktitle = {Proceedings 2003 ACM SIGMOD International Conference on Management
	of Data},
  year = {2003},
  date-added = {2008-11-21 17:03:30 -0500},
  date-modified = {2008-11-21 17:05:25 -0500}
}

@INPROCEEDINGS{CDGM09,
  author = {Graham Cormode and Antonios Deligiannakis and Minos Garafalakis and
	Andrew McGregor},
  title = {Probabilistic Histograms for Probabilistic Data},
  booktitle = {39th International Conference on Very Large Data Bases},
  year = {2009},
  date-added = {2010-06-10 21:54:35 -0600},
  date-modified = {2010-06-10 21:57:40 -0600}
}

@INPROCEEDINGS{CG09,
  author = {Graham Cormode and Minos Garafalakis},
  title = {Histograms and Wavelets of Probabilitic Data},
  booktitle = {ICDE},
  year = {2009},
  date-added = {2009-10-15 11:08:54 -0600},
  date-modified = {2009-10-15 11:08:54 -0600}
}

@INPROCEEDINGS{CLY09,
  author = {Graham Cormode and Feifie Li and Ke Yi},
  title = {Semantics of Ranking Queries for Probabilistic Data and Expected
	Ranks},
  booktitle = {ICDE},
  year = {2009},
  date-added = {2009-10-15 11:08:59 -0600},
  date-modified = {2009-10-15 11:08:59 -0600}
}

@INPROCEEDINGS{CM08,
  author = {Graham Cormode and Andrew McGregor},
  title = {Approximation Algorithms for Clustering Uncertain Data},
  booktitle = {PODS},
  year = {2008},
  date-added = {2010-06-10 22:06:18 -0600},
  date-modified = {2011-02-07 23:51:16 -0700}
}

@ARTICLE{DS04,
  author = {Nilesh Dalvi and Dan Suciu},
  title = {Efficient Query Evaluation on Probabilitic Databases},
  journal = {The VLDB Journal},
  year = {2007},
  volume = {16},
  pages = {523--544},
  date-added = {2009-10-16 09:55:43 -0600},
  date-modified = {2010-06-10 22:20:19 -0600}
}

@ARTICLE{dbvbb-odspl-07,
  author = {Jeroen W. {Den Boer} and Linda Verhoef and Max A. Bencini and Jacob
	P. Bruin and R. Jansen and Ed P.F. Yzerman},
  journal = {International Journal of Hygiene and Environmental Health},
  year = {2007},
  volume = {210},
  pages = {1--7}
}

@ARTICLE{Dud74,
  author = {R. M. Dudley},
  title = {Metric Entropy of Some Classes of Sets With Differentiable Boundary},
  journal = {Journal of Approximation Theory},
  year = {1974},
  volume = {10},
  pages = {227-236},
  date-added = {2008-10-29 22:02:34 -0400},
  date-modified = {2008-10-29 22:05:10 -0400}
}

@INPROCEEDINGS{EP04,
  author = {Austin Eliazar and Ronald Parr},
  title = {DP-SLAM 2.0},
  booktitle = {Proceedings 2004 IEEE International Conference on Robotics and Automation},
  year = {2004},
  date-added = {2008-11-21 16:31:16 -0500},
  date-modified = {2008-11-21 16:40:07 -0500}
}

@ARTICLE{Fur09,
  author = {Martin F\"urer},
  title = {Faster Integer Multiplication},
  journal = {SIAM J. Computing},
  year = {2009},
  volume = {39},
  pages = {979-1005},
  date-added = {2009-11-19 17:57:34 -0700},
  date-modified = {2011-02-07 23:43:51 -0700}
}

@ARTICLE{fkp-sdr-05,
  author = {Jiri Fiala and Jan Kratochvil and Andrzej Proskurowski},
  title = {Systems of Distant Representatives},
  journal = {Discrete Applied Mathematics},
  year = {2005},
  volume = {145},
  pages = {306--316}
}

@ARTICLE{FJ84,
  author = {Greg N. Frederickson and Donald B. Johnson},
  title = {Generalized Selection and Ranking: Sorted Matrices},
  journal = {SIAM Journal on Computing},
  year = {1984},
  volume = {13},
  pages = {14-30},
  date-added = {2009-11-24 00:30:21 -0700},
  date-modified = {2009-11-24 00:31:16 -0700}
}

@INPROCEEDINGS{Gar99,
  author = {Bernd G\"{a}rtner},
  title = {Fast and Robust Smallest Enclosing Balls},
  booktitle = {Proceedings 7th Annual European Symposium on Algorithms},
  year = {1999},
  volume = {LNCS 1643},
  pages = {325-338},
  date-added = {2008-11-19 00:39:05 -0500},
  date-modified = {2008-11-19 00:42:01 -0500}
}

@BOOK{GS05,
  title = {Moving Object Databases},
  publisher = {Morgan Kaufmann, San Francisco},
  year = {2005},
  author = {R. H. G\"{u}ting and M. Schneider},
  date-added = {2012-03-30 04:12:03 +0000},
  date-modified = {2012-03-30 04:12:03 +0000}
}

@ARTICLE{gkgj-lqfos-08,
  author = {A. Gilsdorf and C. Kroh and S. Grimm and E. Jensen and C. Wagner-Wiening
	and K. Alpers},
  title = {Large {Q} fever outbreak due to sheep farming near residential areas},
  journal = {Epidemiol. Infect.},
  year = {2008},
  volume = {136},
  pages = {1084--1087}
}

@TECHREPORT{GN08,
  author = {Andrew J. Goodall and Steven D. Noble},
  title = {Counting Cocircuits and Convex Two-Colourings is \#P-Complete},
  institution = {arXiv:0810.2042v1},
  year = {2008},
  date-added = {2009-10-15 13:22:57 -0600},
  date-modified = {2009-10-15 13:34:53 -0600}
}

@INPROCEEDINGS{GM09,
  author = {Sudipto Guha and Kamesh Munagala},
  title = {Exceeding Expectations and Clustering Uncertain Data},
  booktitle = {28th ACM Symposium on Principles of Database Systems},
  year = {2009},
  date-added = {2010-06-10 22:07:53 -0600},
  date-modified = {2010-06-10 22:09:07 -0600}
}

@ARTICLE{gss-cscah-93,
  author = {Leonidas J. Guibas and D. Salesin and J. Stolfi},
  title = {Constructing strongly convex approximate hulls with inaccurate primitives},
  journal = {Algorithmica},
  year = {1993},
  volume = {9},
  pages = {534--560},
  update = {98.03 mitchell, 97.11 bibrelex}
}

@INPROCEEDINGS{gss-egbra-89,
  author = {Leonidas J. Guibas and D. Salesin and J. Stolfi},
  title = {Epsilon geometry: building robust algorithms from imprecise computations},
  booktitle = {SoCG},
  year = {1989},
  pages = {208--217},
  cites = {em-sstcd-88, gy-frcg-86, hhk-tirgc-88, grs-kfcg-83, k-acp-73, m-vigau-88a,
	mk-impgo-84, otu-nsga-87, y-gctsp-88, ZZZ},
  date-modified = {2010-09-22 22:13:34 -0600},
  update = {98.03 bibrelex+mitchell}
}

@UNPUBLISHED{HP,
  author = {Sariel Har-Peled},
  title = {Chapter 5: On Complexity, Sampling, and $\eps$-Nets and $\eps$-Samples},
  note = {{http://valis.cs.uiuc.edu/\~{}sariel/teach/notes/aprx/lec/05\_vc\_dim.pdf}},
  month = {May},
  year = {2010},
  date-added = {2008-06-19 02:13:00 -0400},
  date-modified = {2011-02-07 23:45:08 -0700}
}

@BOOK{HPbook,
  title = {Approximation Algorithm in Geometry},
  publisher = {{http://valis.cs.uiuc.edu/\~sariel/teach/notes/aprx/}},
  year = {2008},
  author = {Sariel Har-Peled},
  date-added = {2008-10-29 21:57:40 -0400},
  date-modified = {2008-10-29 21:59:31 -0400}
}

@INPROCEEDINGS{hpv-asfl-01,
  author = {Sariel Har-Peled and Kasturi R. Varadarajan},
  title = {Approximate Shape Fitting via Linearization},
  booktitle = {Proc. 42nd Symposium on Foundations of Computer Science},
  year = {2001},
  pages = {66},
  address = {Washington, DC, USA},
  publisher = {IEEE Computer Society},
  isbn = {0-7695-1390-5}
}

@INPROCEEDINGS{hpw-sfo-03,
  author = {Har-Peled,, Sariel and Wang,, Yusu},
  title = {Shape fitting with outliers},
  booktitle = {Proc. 19th Symposium on Computational Geometry},
  year = {2003},
  pages = {29--38},
  address = {New York, NY, USA},
  publisher = {ACM},
  bdsk-url-1 = {http://doi.acm.org/10.1145/777792.777798},
  doi = {http://doi.acm.org/10.1145/777792.777798},
  isbn = {1-58113-663-3},
  location = {San Diego, California, USA}
}

@ARTICLE{hm-ticpps-08,
  author = {Martin Held and Joseph S. B. Mitchell},
  title = {Triangulating Input-Constrained Planar Point Sets},
  journal = {Information Processing Letters},
  year = {2008},
  volume = {109},
  number = {1},
  date-modified = {2011-04-20 15:38:58 -0600}
}

@ARTICLE{HS04,
  author = {John Hershberger and Subhash Suri},
  title = {Adaptive Sampling for Geometric Problems over Data Streams},
  journal = {Computational Geometry Theory and Applications},
  year = {2008},
  volume = {39},
  pages = {191-208},
  date-added = {2008-10-29 22:05:27 -0400},
  date-modified = {2008-10-29 22:09:17 -0400}
}

@ARTICLE{horne2007analyzing,
  author = {Horne, J.S. and Garton, E.O. and Krone, S.M. and Lewis, J.S.},
  title = {Analyzing animal movements using {B}rownian bridges},
  journal = {Ecology},
  year = {2007},
  volume = {88},
  pages = {2354--2363},
  number = {9},
  publisher = {Eco Soc America}
}

@INPROCEEDINGS{jlp-gcip-11,
  author = {Allan J{\o}rgensen and Maarten L{\"o}ffler and Jeff Phillips},
  title = {Geometric Computations on Indecisive Points},
  booktitle = {WADS},
  year = {2011},
  pages = {536--547},
  class = {Wet},
  doi = {10.1007/978-3-642-22300-6_45},
  url = {http://dx.doi.org/10.1007/978-3-642-22300-6_45},
  venue = {WADS}
}

@INPROCEEDINGS{KMMH06,
  author = {Dmitri V. Kalashnikov and Yiming Ma and Sharad Mehrotra and Ramaswamy
	Hariharan},
  title = {Index for Fast Retreival of Uncertain Spatial Point Data},
  booktitle = {Proceedings 16th ACM SIGSPATIAL Interanational Conference on Advances
	in Geographic Information Systems},
  year = {2008},
  date-added = {2012-03-30 05:13:15 +0000},
  date-modified = {2012-03-30 05:13:15 +0000}
}

@INPROCEEDINGS{Kal60,
  author = {R. E. Kalman},
  title = {A New Approach to Linear Filtering and Prediction Problem},
  booktitle = {Journal of Basic Engineering},
  year = {1960},
  volume = {82},
  pages = {35--45},
  date-added = {2012-03-30 04:50:02 +0000},
  date-modified = {2012-03-30 04:58:17 +0000}
}

@INPROCEEDINGS{KCS11a,
  author = {Pegah Kamousi and Timothy M. Chan and Subhash Suri},
  title = {Stochastic Minimum Spanning Trees in Euclidean Spaces},
  booktitle = {Proceedings of the 27th Symposium on Computational Geometry},
  year = {2011},
  pages = {65--74},
  date-added = {2012-03-30 05:02:02 +0000},
  date-modified = {2012-03-30 05:03:59 +0000}
}

@INPROCEEDINGS{KCS11b,
  author = {Pegah Kamousi and Timothy M. Chan and Subhash Suri},
  title = {The Stochastic Closest Pair Problem and Nearest Neighbor Search},
  booktitle = {Proceedings 12th Algorithms and Data Structure Symposium},
  year = {2011},
  volume = {LNCS 6844},
  pages = {548--559},
  date-added = {2012-03-30 05:04:05 +0000},
  date-modified = {2012-03-30 05:05:32 +0000}
}

@ARTICLE{kl-lbbsd-10,
  author = {Marc van Kreveld and Maarten L{\"o}ffler},
  title = {Largest Bounding Box, Smallest Diameter, and Related Problems on
	Imprecise Points},
  journal = {Computational Geometry: Theory and Applications},
  year = {2010},
  volume = {43},
  pages = {419--433},
  bdsk-url-1 = {http://dx.doi.org/10.1016/j.comgeo.2009.03.007},
  date-modified = {2011-04-20 16:02:34 -0600}
}

@INPROCEEDINGS{kl-bgmips-06,
  author = {Marc van Kreveld and Maarten L{\"o}ffler},
  title = {Largest Bounding Box, Smallest Diameter, and Related Problems on
	Imprecise Points},
  booktitle = {Proc. 10th Workshop on Algorithms and Data Structures},
  year = {2007},
  series = {LNCS 4619},
  pages = {447--458}
}

@MASTERSTHESIS{k-bmips-08,
  author = {Heinrich Kruger},
  title = {Basic Measures for Imprecise Point Sets in {$\mathbb{R}^d$}},
  school = {Utrecht University},
  year = {2008},
  number = {INF-SCR-08-07}
}

@PHDTHESIS{l-dicg-09,
  author = {Maarten L{\"o}ffler},
  title = {Data Imprecision in Computational Geometry},
  school = {Utrecht University},
  year = {2009},
  affil = {Utrecht},
  degree = {PhD},
  isbn = {978-90-8891-121-7},
  url = {http://igitur-archive.library.uu.nl/dissertations/2009-1005-200203/UUindex.html}
}

@INPROCEEDINGS{lp-sfpspd-09,
  author = {Maarten L{\"o}ffler and Jeff Phillips},
  title = {Shape Fitting on Point Sets with Probability Distributions},
  booktitle = {ESA},
  year = {2009},
  pages = {313--324},
  date-modified = {2011-02-07 23:45:37 -0700},
  venue = {ESA}
}

@INPROCEEDINGS{lp-sfpspd-09jlp-gcip-11,
  author = {Maarten L{\"o}ffler and Jeff Phillips},
  title = {Shape Fitting on Point Sets with Probability Distributions},
  booktitle = {Proc. 17th European Symposium on Algorithms},
  year = {2009},
  series = {LNCS 5757},
  pages = {313--324},
  class = {Wet},
  doi = {10.1007/978-3-642-04128-0_29},
  url = {http://dx.doi.org/10.1007/978-3-642-04128-0_29},
  venue = {ESA}
}

@ARTICLE{LP08,
  author = {Maarten L{\"o}ffler and Jeff M. Phillips},
  title = {Shape Fitting on Point Sets with Probability Distributions},
  journal = {arXiv:0812.2967},
  year = {2008},
  date-added = {2011-04-20 15:35:04 -0600},
  date-modified = {2011-04-20 15:36:28 -0600}
}

@INPROCEEDINGS{ls-dtip-08,
  author = {Maarten L{\"o}ffler and Jack Snoeyink},
  title = {{Delaunay} Triangulations of Imprecise Points in Linear Time after
	Preprocessing},
  booktitle = {Proc. 24th Sympoium on Computational Geometry},
  year = {2008},
  pages = {298--304},
  bdsk-url-1 = {http://dx.doi.org/10.1145/1377676.1377727},
  url = {http://dx.doi.org/10.1145/1377676.1377727}
}

@INPROCEEDINGS{LSD09,
  author = {Jian Li and Barna Saha and Amol Deshpande},
  title = {A Unified Approach to Ranking in Probabilistic Databases},
  booktitle = {VLDB},
  year = {2009},
  date-added = {2010-06-10 22:00:35 -0600},
  date-modified = {2010-09-22 22:14:27 -0600},
  howpublished = {arXiv:0904.1366}
}

@ARTICLE{LLS01,
  author = {Yi Li and Philip M. Long and Aravind Srinivasan},
  title = {Improved Bounds on the Samples Complexity of Learning},
  journal = {Journal of Computer and System Sciences},
  year = {2001},
  volume = {62},
  pages = {516-527},
  date-added = {2009-10-15 14:44:17 -0600},
  date-modified = {2011-04-20 15:39:53 -0600}
}

@TECHREPORT{LM12,
  author = {Shachar Lovett and Raghu Meka},
  title = {Constructive Discrepancy Minimization by Walking on the Edges},
  institution = {arXiv:1203.5747},
  year = {2012},
  date-added = {2012-03-30 05:14:53 +0000},
  date-modified = {2012-03-30 05:14:53 +0000}
}

@BOOK{Mat99,
  title = {Geometric Discrepancy},
  publisher = {Springer},
  year = {1999},
  author = {Jiri Matousek},
  date-added = {2008-01-08 16:58:33 -0500},
  date-modified = {2010-09-22 22:14:49 -0600}
}

@INPROCEEDINGS{Mat91,
  author = {Jiri Matousek},
  title = {Approximations and Optimal Geometric Divide-and-Conquer},
  booktitle = {Proceedings of the 23rd Annual ACM Symposium on Theory of Computing},
  year = {1991},
  pages = {505-511},
  date-added = {2008-01-08 16:39:00 -0500},
  date-modified = {2008-01-08 16:39:00 -0500}
}

@ARTICLE{MWW93,
  author = {Jiri Matousek and Emo Welzl and Lorenz Wernisch},
  title = {Discrepancy and Approximations for Bounded VC-Dimension},
  journal = {Combinatorica},
  year = {1993},
  volume = {13},
  pages = {455-466},
  number = {4},
  date-added = {2008-01-08 16:39:31 -0500},
  date-modified = {2008-01-08 16:39:31 -0500}
}

@INPROCEEDINGS{MDFW00,
  author = {Rudolph van der Merwe and Arnaud Doucet and Nando de Freitas and
	Eric Wan},
  title = {The Unscented Particle Filter},
  booktitle = {Adv. Neural Inf. Process. Syst.},
  year = {2000},
  volume = {8},
  pages = {351--357},
  date-added = {2012-03-30 04:46:08 +0000},
  date-modified = {2012-03-30 04:48:44 +0000}
}

@INPROCEEDINGS{nt-teb-00,
  author = {T. Nagai and N. Tokura},
  title = {Tight error bounds of geometric problems on convex objects with imprecise
	coordinates},
  booktitle = {Jap.\ Conf.\ on Discrete and Comput.\ Geom.},
  year = {2000},
  pages = {252--263}
}

@INPROCEEDINGS{obj-ue-05,
  author = {Y. Ostrovsky-Berman and L. Joskowicz},
  title = {Uncertainty Envelopes},
  booktitle = {EuroCG},
  year = {2005},
  pages = {175--178}
}

@PHDTHESIS{Phi09,
  author = {Jeff M. Phillips},
  title = {Small and Stable Descriptors of Distributions for Geometric Statistical
	Problems},
  school = {Duke University},
  year = {2009},
  date-added = {2009-10-15 15:50:31 -0600},
  date-modified = {2009-10-15 15:51:20 -0600}
}

@INPROCEEDINGS{Phi08,
  author = {Jeff M. Phillips},
  title = {Algorithms for $\eps$-approximations of Terrains},
  booktitle = {ICALP},
  year = {2008},
  date-added = {2008-01-08 16:58:42 -0500},
  date-modified = {2011-02-07 23:46:18 -0700}
}

@ARTICLE{PR93,
  author = {Richard Pollack and Marie-Francoise Roy},
  title = {On the Number of Cells Defined by a Set of Polynomials},
  journal = {C. R. Acad. Sci. Paris},
  year = {1993},
  volume = {316},
  pages = {573-577},
  date-added = {2008-10-21 17:55:07 -0400},
  date-modified = {2008-10-21 18:00:00 -0400}
}

@ARTICLE{PYCDB06,
  author = {Shobha Potluri and Anthony K. Yan and James J. Chou and Bruce R.
	Donald and Chris Baily-Kellogg},
  title = {Structure Determination of Symmetric Homo-Oligomers by Complete Search
	of Symmetry Configuration Space, Using NMR Restraints and van der
	{Waals} Packing},
  journal = {Proteins},
  year = {2006},
  volume = {65},
  pages = {203-219},
  date-added = {2008-11-21 17:14:30 -0500},
  date-modified = {2008-11-21 17:39:01 -0500}
}

@INPROCEEDINGS{r-dc-13,
  author = {G. Rote},
  title = {The Degree of Convexity},
  booktitle = {Proc. 29th European Workshop on Computational Geometry},
  year = {2013},
  pages = {69--72},
  owner = {Rodrigo},
  timestamp = {2014.11.21}
}

@INPROCEEDINGS{SW92,
  author = {Micha Sharir and Emo Welzl},
  title = {A Combinatorial Bound for Linear Programming and Related Problems},
  booktitle = {STACS},
  year = {1992},
  date-added = {2009-10-15 12:01:38 -0600},
  date-modified = {2010-09-22 22:15:05 -0600}
}

@ARTICLE{SBS06,
  author = {Pannagadatta K. Shivawamy and Chiranjib Bhattacharyya and Alexander
	J. Smola},
  title = {Second Order Cone Programming Approaches for Handling Missing and
	Uncertain Data},
  journal = {Journal of Machine Learning Research},
  year = {2006},
  date-added = {2009-10-15 11:37:57 -0600},
  date-modified = {2009-10-15 11:39:49 -0600}
}

@INPROCEEDINGS{TCXNKP05,
  author = {Yufei Tao and Reynold Cheng and Xiaokui Xiao and Wang Kay Ngai and
	Ben Kao and Sunil Prabhakar},
  title = {Indexing Multi-Dimensional Uncertain Data with Arbitrary Probability
	Density Functions},
  booktitle = {VLDB},
  year = {2005},
  date-added = {2010-06-10 22:41:37 -0600},
  date-modified = {2010-09-22 22:15:22 -0600}
}

@ARTICLE{Thr02,
  author = {Sebastian Thrun},
  title = {Robotic Mapping: A Survey},
  journal = {Exploring Artificial Intelligence in the New Millenium},
  year = {2002},
  date-added = {2012-03-30 04:11:53 +0000},
  date-modified = {2012-03-30 04:11:53 +0000}
}

@ARTICLE{Val79,
  author = {Leslie G. Valiant},
  title = {The Complexity of Enumeration and Reliability Problems},
  journal = {SIAM Journal on Computing},
  year = {1979},
  volume = {8},
  pages = {410-421},
  bdsk-url-1 = {http://link.aip.org/link/?SMJ/8/410/1},
  bdsk-url-2 = {http://dx.doi.org/10.1137/0208032},
  date-added = {2009-10-15 13:30:32 -0600},
  date-modified = {2011-04-20 15:41:00 -0600}
}

@ARTICLE{d-gnssa-07,
  author = {{Van Diggelen}, F.},
  title = {{GNSS Accuracy: Lies, Damn Lies and Statistics}},
  journal = {GPS World},
  year = {2007},
  pages = {26-32},
  abstract = {This update to a frequently requested article first published here
	in 1998 explains how statistical methods can create many different
	position accuracy measures. As the driving forces of positioning
	and navigation change from survey and precision guidance to location-based
	services, E911, and so on, some accuracy measures have fallen out
	of common usage, while others have blossomed. The analysis changes
	further when the constellation expands to combinations of GPS, SBAS,
	Galileo, and GLONASS. Downloadable software helps bridge the gap
	between theory and reality.},
  added-at = {2011-05-30T10:41:10.000+0200},
  biburl = {http://www.bibsonomy.org/bibtex/21224baf972bde0960912ac8be9ea6e28/bmuth},
  groups = {private},
  interhash = {95f41217749d3c04e55dcd21252b5ee4},
  intrahash = {1224baf972bde0960912ac8be9ea6e28},
  keywords = {GNSS, GPS},
  owner = {bmuth},
  timestamp = {2011-05-30T10:41:10.000+0200},
  username = {bmuth}
}

@ARTICLE{VC71,
  author = {Vladimir Vapnik and Alexey Chervonenkis},
  title = {On the Uniform Convergence of Relative Frequencies of Events to their
	Probabilities},
  journal = {Theory of Probability and its Applications},
  year = {1971},
  volume = {16},
  pages = {264-280},
  date-added = {2008-01-08 16:38:40 -0500},
  date-modified = {2011-04-20 16:04:57 -0600}
}

@INPROCEEDINGS{YAPV04,
  author = {Hai Yu and Pankaj K. Agarwal and Raghunath Poreddy and Kasturi R.
	Varadarajan},
  title = {Practical Methods for Shape Fitting and Kinetic Data Structures using
	Coresets},
  booktitle = {Proceedings 20th Annual Symposium on Computational Geometry},
  year = {2004},
  date-added = {2008-11-19 00:43:57 -0500},
  date-modified = {2008-11-19 00:49:29 -0500},
  journal = {Algorithmica}
}

@ARTICLE{ZC04,
  author = {Yi Zou and Krishnendu Chakrabarty},
  title = {Uncertainty-Aware and Coverage-Oriented Deployment of Sensor Networks},
  journal = {J. Parallel Distrib. Comput },
  year = {2004},
  pages = {788--798},
  date-added = {2009-10-15 11:43:03 -0600},
  date-modified = {2009-10-15 11:45:36 -0600}
}


@INPROCEEDINGS{bhkm-cvgpp-04,
  author = {Boaz Ben-Moshe and Olaf Hall-Holt and Matthew J. Katz and Joseph
  S. B. Mitchell},
  title = {Computing the visibility graph of points within a polygon},
  booktitle = {Proc. 20th Symp. Computational Geometry},
  year = {2004},
  pages = {27--35},
  publisher = {ACM},
  bibsource = {DBLP, http://dblp.uni-trier.de},
  doi = {http://doi.acm.org/10.1145/997817.997825},
  owner = {Rodrigo},
  timestamp = {2014.01.15}
}

@ARTICLE{ABD10,
  author = {Pankaj K. Agarwal and Sergey Bereg and Ovidiu Daescu and Haim Kaplan
  and Simeon Ntafos and Micha Sharir and Binhai Zhu},
  title = {Guarding a Terrain bSy Two Watchtowers},
  journal = {Algorithmica},
  year = {2010},
  volume = {58},
  pages = {352--390},
  doi = {10.1007/s00453-008-9270-3},
  issn = {0178-4617},
  issue = {2},
  publisher = {Springer-Verlag}
}

@ARTICLE{ammfc-evc-11,
  author = {Andrade, Marcus V.A. and Magalh\~aes, Salles V.G. and Magalh\~aes,
  Mirella A. and Franklin, W. Randolph and Cutler, Barbara M.},
  title = {Efficient viewshed computation on terrain in external memory},
  journal = {GeoInformatica},
  year = {2011},
  volume = {15},
  pages = {381--397},
  doi = {10.1007/s10707-009-0100-9},
  issn = {1384-6175},
  issue = {2},
  keywords = {GIS; External memory processing; Viewshed; Visibility maps},
  language = {English},
  publisher = {Springer US}
}

@ARTICLE{aurenhammer1988improved,
  author = {Franz Aurenhammer},
  title = {Improved algorithms for discs and balls using power diagrams},
  journal = {J. Algorithms},
  year = {1988},
  volume = {9},
  pages = {151--161},
  number = {2}
}

@ARTICLE{aurenhammer1987power,
  author = {Franz Aurenhammer},
  title = {Power Diagrams: Properties, Algorithms and Applications},
  journal = {SIAM J. Comput.},
  year = {1987},
  volume = {16},
  pages = {78--96},
  number = {1}
}

@ARTICLE{Ben-MosheCK04,
  author = {Boaz Ben-Moshe and Paz Carmi and Matthew J. Katz},
  title = {Computing all large sums-of-pairs in {R}$^n$ and the discrete planar
  two-watchtower problem},
  journal = {Inf. Process. Lett.},
  year = {2004},
  volume = {89},
  pages = {137--139},
  number = {3},
  bibsource = {DBLP, http://dblp.uni-trier.de},
  doi = {http://dx.doi.org/10.1016/j.ipl.2003.07.008}
}

@ARTICLE{benmoche2007constantfactor,
  author = {Ben-Moshe, Boaz and Katz, Matthew J. and Mitchell, Joseph
  S. B.},
  title = {A Constant-Factor Approximation Algorithm for Optimal 1.5{D} Terrain
  Guarding},
  journal = {SIAM J. Comput.},
  year = {2007},
  volume = {36},
  pages = {1631--1647},
  number = {6},
  doi = {10.1137/S0097539704446384}
}

@INPROCEEDINGS{Ben-Moshe:2005,
  author = {Boaz Ben-Moshe and Matthew J. Katz and Joseph S. B. Mitchell},
  title = {A constant-factor approximation algorithm for optimal terrain guarding},
  booktitle = {Proc. 16th ACM-SIAM Symposium on Discrete Algorithms},
  year = {2005},
  series = {SODA '05},
  pages = {515--524},
  publisher = {SIAM},
  acmid = {1070503},
  isbn = {0-89871-585-7},
  location = {Vancouver, British Columbia},
  numpages = {10}
}

@ARTICLE{bo-arcgi-79,
  author = {Jon Louis Bentley and
               Thomas Ottmann},
  title = {Algorithms for Reporting and Counting Geometric Intersections},
  journal = {IEEE Trans. Comput.},
  year = {1979},
  volume = {C-28},
  pages = {643--647},
  number = {9},
  doi = {10.1109/TC.1979.1675432},
  issn = {0018-9340},
  keywords = {Computational geometry;geometric intersection problems;Application
  software;Computer graphics;Computer science;Conductors;Geometry;Integrated
  circuit synthesis;Linear programming;Object detection;Operations
  research;Printed circuits;Computational geometry;geometric intersection
  problems},
  owner = {Rodrigo},
  timestamp = {2014.01.15}
}

@INCOLLECTION{BZWZ01,
  author = {Sergei Bespamyatnikh and Zhixiang Chen and Kanliang Wang and Binhai
  Zhu},
  title = {On the Planar Two-Watchtower Problem},
  booktitle = {Computing and Combinatorics},
  publisher = {Springer},
  year = {2001},
  editor = {Jie Wang},
  volume = {2108},
  series = {Lecture Notes in Computer Science},
  pages = {121--130},
  doi = {10.1007/3-540-44679-6_14},
  isbn = {978-3-540-42494-9}
}

@ARTICLE{Bose1997,
  author = {Prosenjit Bose and Thomas Shermer and Godfried Toussaint and Binhai
  Zhu},
  title = {Guarding Polyhedral Terrains},
  journal = {Comput. Geom.},
  year = {1997},
  volume = {7},
  pages = {173--185},
  number = {3},
  doi = {10.1016/0925-7721(95)00034-8},
  issn = {0925-7721}
}

@INPROCEEDINGS{crsar-fpp-07,
  author = {Filipe X. Catry and Francisco C. Rego and Teresa Santos and Joel Almeida and Paulo Relvas},
  title = {Fires Prevention in {Portugal} - Using {GIS} to Help Improving Early
  Fire Detection Effectiveness},
  booktitle = {4th Int. Wildland Fire Conf.},
  year = {2007},
  owner = {Rodrigo},
  timestamp = {2012.11.19}
}

@ARTICLE{chazelle1993voronoi,
  author = {Bernard Chazelle},
  title = {An optimal convex hull algorithm in any fixed dimension},
  journal = {Discrete Comput. Geom.},
  year = {1993},
  volume = {10},
  pages = {377--409},
  issue = {1},
  publisher = {Springer}
}

@ARTICLE{cegghss-rspugt-94,
  author = {Bernard Chazelle and Herbert Edelsbrunner and Michelangelo Grigni
  and Leonidas J. Guibas and John Hershberger and Micha Sharir and
  Jack Snoeyink},
  title = {Ray Shooting in Polygons Using Geodesic Triangulations},
  journal = {Algorithmica},
  year = {1994},
  volume = {12},
  pages = {54--68},
  number = {1},
  bibsource = {DBLP, http://dblp.uni-trier.de},
  doi = {http://dx.doi.org/10.1007/BF01377183}
}

@ARTICLE{cceo-hdcrs-04,
  author = {Siu-Wing Cheng and Otfried Cheong and Hazel Everett and Ren\'e van
  Oostrum},
  title = {Hierarchical Decompositions and Circular Ray Shooting in Simple Polygons},
  journal = {Discrete Comput. Geom.},
  year = {2004},
  volume = {32},
  pages = {401--415},
  number = {3},
  bibsource = {DBLP, http://dblp.uni-trier.de}
}

@ARTICLE{Clarkson:2007,
  author = {Kenneth L. Clarkson and
               Kasturi R. Varadarajan},
  title = {Improved Approximation Algorithms for Geometric Set Cover},
  journal = {Discrete Comput. Geom.},
  year = {2007},
  volume = {37},
  pages = {43--58},
  number = {1},
  acmid = {1229137},
  address = {Secaucus, NJ, USA},
  doi = {10.1007/s00454-006-1273-8},
  issn = {0179-5376},
  issue_date = {January 2007},
  numpages = {16},
  publisher = {Springer-Verlag New York, Inc.}
}

@ARTICLE{Cole:1989,
  author = {Richard Cole and Micha Sharir},
  title = {Visibility Problems for Polyhedral Terrains},
  journal = {J. Symbolic Comput.},
  year = {1989},
  volume = {7},
  pages = {11--30},
  number = {1},
  acmid = {65457},
  address = {Duluth, MN, USA},
  doi = {10.1016/S0747-7171(89)80003-3},
  issn = {0747-7171},
  issue_date = {Jan. 1989},
  numpages = {20},
  publisher = {Academic Press, Inc.}
}

@ARTICLE{cfms-mvmtt-07,
  author = {Narc\'is Coll and Marta Fort and Narcis Madern and Joan Antoni Sellar\`es},
  title = {Multi-visibility maps of triangulated terrains.},
  journal = {Int. J. Geogr. Inf. Sci.},
  year = {2007},
  volume = {21},
  pages = {1115--1134},
  number = {10},
  added-at = {2008-02-28T00:00:00.000+0100},
  biburl = {http://www.bibsonomy.org/bibtex/2e54d6e7e15aa34fdf3e6a136dab940a8/dblp},
  date = {2008-02-28},
  description = {dblp},
  doi = {http://dx.doi.org/10.1080/13658810701300097}
}

@ARTICLE{cms-gvmv-10,
  author = {Narc\'is Coll and Narcis Madern and Joan Antoni Sellar\`es},
  title = {Good-visibility maps visualization.},
  journal = {Vis. Comput.},
  year = {2010},
  volume = {26},
  pages = {109--120},
  number = {2},
  added-at = {2010-03-04T00:00:00.000+0100},
  biburl = {http://www.bibsonomy.org/bibtex/2a7ee7165ac40a6d08f6cc15c34534801/dblp},
  date = {2010-03-04},
  description = {dblp},
  doi = {http://dx.doi.org/10.1007/s00371-009-0380-y}
}

@ARTICLE{ElbassioniKMMS11,
  author = {Khaled M. Elbassioni and Erik Krohn and Domagoj Matijevic and Juli{\'a}n
  Mestre and Domagoj Severdija},
  title = {Improved Approximations for Guarding 1.5-Dimensional Terrains},
  journal = {Algorithmica},
  year = {2011},
  volume = {60},
  pages = {451--463},
  number = {2},
  bibsource = {DBLP, http://dblp.uni-trier.de},
  ee = {http://dx.doi.org/10.1007/s00453-009-9358-4}
}

@INPROCEEDINGS{finke1995overlaying,
  author = {Ulrich Finke and Klaus H. Hinrichs},
  title = {Overlaying simply connected planar subdivisions in linear time},
  booktitle = {Proc. 11th Symp. Computational Geometry},
  year = {1995},
  pages = {119--126},
  publisher = {ACM},
  numpages = {8}
}

@INPROCEEDINGS{fht-ivcmgt-09,
  author = {Fishman, Jeremy and Haverkort, Herman and Toma, Laura},
  title = {Improved visibility computation on massive grid terrains},
  booktitle = {Proc. 17th ACM SIGSPATIAL Int. Conf. on Advances in
  Geographic Information Systems},
  year = {2009},
  pages = {121--130},
  publisher = {ACM},
  acmid = {1653791},
  doi = {10.1145/1653771.1653791},
  isbn = {978-1-60558-649-6},
  location = {Seattle, Washington},
  numpages = {10}
}

@ARTICLE{FM03,
  author = {Leila De Floriani and Paola Magillo},
  title = {Algorithms for visibility computation on terrains: a survey},
  journal = {Environ. Plann. B},
  year = {2003},
  volume = {30},
  pages = {709--728},
  number = {5},
  optdoi = {10.1068/b12979}
}

@INCOLLECTION{gibson2009approximation,
  author = {Gibson, Matt and Kanade, Gaurav and Krohn, Erik and Varadarajan,
  Kasturi},
  title = {An Approximation Scheme for Terrain Guarding},
  booktitle = {Approximation, Randomization, and Combinatorial Optimization. Algorithms
  and Techniques},
  publisher = {Springer},
  year = {2009},
  volume = {5687},
  series = {LNCS},
  pages = {140--148},
  doi = {10.1007/978-3-642-03685-9_11},
  isbn = {978-3-642-03684-2}
}

@ARTICLE{htz-cvtem-08,
  author = {Herman J. Haverkort and Laura Toma and Yi Zhuang},
  title = {Computing visibility on terrains in external memory},
  journal = {ACM J. Exp. Algorithmics},
  year = {2008},
  volume = {13},
  bibsource = {DBLP, http://dblp.uni-trier.de},
  doi = {http://doi.acm.org/10.1145/1412228.1412233}
}

@ARTICLE{js-clvpa-87,
  author = {Joe, B. and Simpson, R. B.},
  title = {Corrections to {L}ee's visibility polygon algorithm},
  journal = {BIT},
  year = {1987},
  volume = {27},
  pages = {458--473},
  doi = {http://dx.doi.org/10.1007/BF01937271},
  issn = {0006-3835},
  issue = {4},
  keyword = {Mathematics and Statistics},
  publisher = {Springer Netherlands}
}

@ARTICLE{kos-ehsrosus-92,
  author = {Matthew J. Katz and Mark H. Overmars and Micha Sharir},
  title = {Efficient Hidden Surface Removal for Objects with Small Union Size},
  journal = {Comput. Geom.},
  year = {1992},
  volume = {2},
  pages = {223--234},
  bibsource = {DBLP, http://dblp.uni-trier.de},
  doi = {http://dx.doi.org/10.1016/0925-7721(92)90024-M}
}

@ARTICLE{King:2011,
  author = {James King and Erik Krohn},
  title = {Terrain Guarding is {NP}-Hard},
  journal = {SIAM J. Comput.},
  year = {2011},
  volume = {40},
  pages = {1316--1339},
  number = {5},
  acmid = {2079114},
  address = {Philadelphia, PA, USA},
  doi = {10.1137/100791506},
  issn = {0097-5397},
  issue_date = {September 2011},
  numpages = {24},
  publisher = {Society for Industrial and Applied Mathematics}
}

@INCOLLECTION{lzl-mostsa-06,
  author = {Pin Lv and Jinfang Zhang and Min Lu},
  title = {An Optimal Method for Multiple Observers Sitting on Terrain Based
  on Improved Simulated Annealing Techniques},
  booktitle = {Advances in Applied Artificial Intelligence},
  publisher = {Springer},
  year = {2006},
  volume = {4031},
  series = {LNCS},
  pages = {373--382},
  doi = {http://dx.doi.org/10.1007/11779568_41},
  isbn = {978-3-540-35453-6}
}

@ARTICLE{m-cwpl-06,
  author = {Bernd M\"oller},
  title = {Changing wind-power landscapes: regional assessment of visual impact
  on land use and population in {N}orthern {J}utland, {D}enmark},
  journal = {Appl. Energ.},
  year = {2006},
  volume = {83},
  pages = {477--494},
  number = {5},
  doi = {10.1016/j.apenergy.2005.04.004},
  issn = {0306-2619},
  keywords = {Wind energy}
}

@ARTICLE{mairson1988reporting,
  author = {Mairson, H.G. and Stolfi, J.},
  title = {Reporting and counting intersections between two sets of line segments},
  journal = {Theoretical foundations of computer graphics and CAD},
  year = {1988},
  volume = {40},
  pages = {307--325},
  publisher = {NATO ASI Series}
}

@PHDTHESIS{Nilsson94,
  author = {Bengt J. Nilsson},
  title = {Guarding Art Galleries: Methods for Mobile Guards},
  school = {Department of Computer Science, Lund University},
  year = {1994}
}

@INPROCEEDINGS{rs-eoshsra-88,
  author = {John H. Reif and Sandeep Sen},
  title = {An Efficient Output-Sensitive Hidden Surface Removal Algorithm and
  its Parallelization},
  booktitle = {Proc. 4th Symp. Computational Geometry},
  year = {1988},
  pages = {193--200},
  publisher = {ACM},
  bibsource = {DBLP, http://dblp.uni-trier.de},
  doi = {http://doi.acm.org/10.1145/73393.73413}
}

@ARTICLE{ymg-wsns-08,
  author = {Jennifer Yick and Biswanath Mukherjee and Dipak Ghosal},
  title = {Wireless sensor network survey},
  journal = {Comput. Netw.},
  year = {2008},
  volume = {52},
  pages = {2292--2330},
  number = {12},
  doi = {10.1016/j.comnet.2008.04.002},
  issn = {1389-1286}
}

@PROCEEDINGS{DBLP:conf/compgeom/2004,
  title = {Proceedings of the 20th ACM Symposium on Computational Geometry,
  Brooklyn, New York, USA, June 8-11, 2004},
  year = {2004},
  editor = {Jack Snoeyink and Jean-Daniel Boissonnat},
  publisher = {ACM},
  bibsource = {DBLP, http://dblp.uni-trier.de},
  booktitle = {Symposium on Computational Geometry},
  isbn = {1-58113-885-7}
}

@article{Megiddo,
  author    = {Nimrod Megiddo},
  title     = {Linear-Time Algorithms for Linear Programming in $\mathbb{R}^3$
               and Related Problems},
  journal   = {SIAM J. Comput.},
  volume    = {12},
  number    = {4},
  year      = {1983},
  pages     = {759--776},
  ee        = {http://dx.doi.org/10.1137/0212052},
  bibsource = {DBLP, http://dblp.uni-trier.de}
}

@article{deBerg1996generalized,
title = "Generalized hidden surface removal",
journal = "Comput. Geom.",
volume = 5,
number = 5,
pages = "249--276",
year = 1996,
issn = "0925-7721",
doi = "http://dx.doi.org/10.1016/0925-7721(95)00008-9",
author = "Mark de Berg"
}

@inproceedings{lma-chopt-13,
 author = {Lebeck, Niel and M{\o}lhave, Thomas and Agarwal, Pankaj K.},
 title = {Computing Highly Occluded Paths on a Terrain},
 booktitle = {Proceedings of the 21st ACM SIGSPATIAL International Conference on Advances in Geographic Information Systems},
 series = {SIGSPATIAL'13},
 year = {2013},
 isbn = {978-1-4503-2521-9},
 location = {Orlando, Florida},
 pages = {14--23},
 numpages = {10},
 url = {http://doi.acm.org/10.1145/2525314.2525363},
 doi = {10.1145/2525314.2525363},
 acmid = {2525363},
 publisher = {ACM},
 address = {New York, NY, USA},
 keywords = {GIS, navigation, terrain modeling, visibility},
} 

@INPROCEEDINGS{6907405, 
author={F. {Shkurti} and G. {Dudek}}, 
booktitle={2014 IEEE International Conference on Robotics and Automation (ICRA)}, 
title={Maximizing visibility in collaborative trajectory planning}, 
year={2014}, 
volume={}, 
number={}, 
pages={3771-3776}, 
keywords={game theory;multi-robot systems;path planning;trajectory control;collaborative trajectory planning;trajectory coordination;collaborating robots;planar environment;centralized kinodynamic planning;asymptotically optimal sampling-based RRT* planner;pursuit-evasion games;visual contact;robot line-of-sight;Trajectory;Robot kinematics;Planning;Visualization;Cost function;Joints}, 
doi={10.1109/ICRA.2014.6907405}, 
ISSN={1050-4729}, 
month={May},}

@inproceedings{christie,
author = {Christie, Marc and Machap, Rumesh and Normand, Jean-Marie and Olivier, Patrick and Pickering, Jonathan},
year = {2005},
month = {08},
pages = {40-52},
title = {Virtual Camera Planning: A Survey},
volume = {3638},
journal = {Lecture Notes in Computer Science},
doi = {10.1007/11536482_4}
}

@book{pa-cg-95
, author =  "Janos Pach and Pankaj K. Agarwal"
, title =   "Combinatorial Geometry"
, publisher =   "John Wiley \& Sons"
, address = "New York, NY"
, year =    1995
, isbn =    "0-471-58890-3"
, update =  "96.05 agarwal+smid, 95.09 mitchell, 95.05 orourke"
}

@INPROCEEDINGS{dey1997klevel,
author={T. K. Dey},
booktitle={Proceedings 38th Annual Symposium on Foundations of Computer Science},
title={Improved bounds on planar k-sets and k-levels},
year=1997,
pages={156-161},
doi={10.1109/SFCS.1997.646104}
}

@article{Shneiderman96,
author = "B. Shneiderman",
title = "The eyes have it: a task by data type taxonomy for information visualizations",
booktitle = "Proc. IEEE Symposium on Visual Languages",
year = 1996,
pages = "336--343"
}


@article{bbklsww-mt-12
, title       = "Median Trajectories"
, author      = "Kevin Buchin and Maike Buchin and Marc van Kreveld and Maarten L{\"o}ffler and Rodrigo I. Silveira and Carola Wenk and Lionov Wiratma"
, journal     = "Algorithmica"
, year        = "2013"
, doi         = "10.1007/s00453-012-9654-2"
, volume =66
, number =3
, issn ="0178-4617"
, publisher = "Springer-Verlag"
, pages = "595--614"
}

@incollection{bepy-htlp-91
, author =  "M. Bern and D. Eppstein and P. Plassman and F. Yao"
, title =   "Horizon theorems for lines and polygons"
, editor =  "J. Goodman and R. Pollack and W. Steiger"
, booktitle =   "Discrete and Computational Geometry: Papers from the DIMACS Special Year"
, series =  "DIMACS Series in Discrete Mathematics and Theoretical Computer Science"
, volume =  6
, publisher =   "American Mathematical Society, Association for Computing Machinery"
, address = "Providence, RI"
, year =    1991
, pages =   "45--66"
, keywords =    "arrangements, horizon, pseudo lines"
, update =  "99.11 bibrelex, 95.09 agarwal"
}

@incollection{as-dssga-00
, author =  "Pankaj K. Agarwal and Micha Sharir"
, title =   "{Davenport-Schinzel} Sequences and Their Geometric Applications"
, editor =  "J{\"o}rg-R{\"u}diger Sack and Jorge Urrutia"
, booktitle =   "Handbook of Computational Geometry"
, publisher =   "Elsevier Science Publishers B.V. North-Holland"
, address = "Amsterdam"
, year =    2000
, pages =   "1--47"
, update =  "00.03 bibrelex, 99.03 bibrelex, 98.11 bibrelex, 98.07 mitchell"
, annote =  "Chapter 1 of su-hcg-00"
}


@article{argawal2001extent,
  title={Maintaining the Extent of a Moving Point Set},
  author={Agarwal, P. K. and Guibas, L. J. and Hershberger, J. and Veach, E.},
  year=2001,
  issn={0179-5376},
  journal={Discrete \& Computational Geometry},
  volume=26,
  number=3,
  doi={10.1007/s00454-001-0019-x},
  publisher={Springer-Verlag},
  pages={353-374},
  language={English}
}

@incollection{grouping2013,
  author    = "Buchin, Kevin and Buchin, Maike and
                van Kreveld, Marc and Speckmann, Bettina and Staals, Frank",
  title     = "Trajectory Grouping Structure",
  booktitle = "Proc. 2013 WADS Algorithms and Data Structures Symposium",
  series    = "LNCS",
  year      = "2013",
  volume    = "8037",
  location  = "London, Ontario, Canada",
  numpages  = "12",
  publisher = "Springer",
  pages     = "219--230"
}

@article{grouping2015
  , author    = "Buchin, Kevin and Buchin, Maike and
                van Kreveld, Marc and Speckmann, Bettina and Staals, Frank"
  , title     = "Trajectory Grouping Structure"
  , journal   = "Journal of Computational Geometry"
  , category  = "trajectories"
  , year      = 2015
  , project   = "grouping2013"
  , volume    = 6
  , number    = 1
  , url       = "http://jocg.org/index.php/jocg/article/view/161"
}

@article{harpeled2000walk,
author = {Har-Peled, S.},
title = {Taking a Walk in a Planar Arrangement},
journal = {SIAM Journal on Computing},
volume = 30,
number = 4,
pages = {1341--1367},
year = 2000
}

@inproceedings{agarwal2005staying,
  author    = {Pankaj K. Agarwal and
               Mark de Berg and
               Jie Gao and
               Leonidas J. Guibas and
               Sariel Har-Peled},
  title     = {Staying in the Middle: Exact and Approximate Medians in
               {$\R^1$} and {$\R^2$} for Moving Points},
  booktitle = {CCCG},
  year      = {2005},
  pages     = {43-46},
  crossref  = {DBLP:conf/cccg/2005}
}

@proceedings{DBLP:conf/cccg/2005,
  title     = {Proceedings of the 17th Canadian Conference on Computational
               Geometry, CCCG'05, University of Windsor, Ontario, Canada,
               August 10-12, 2005},
  booktitle = {CCCG},
  year      = {2005},
  bibsource = {DBLP, http://dblp.uni-trier.de}
}


@incollection{agarwal2002kinetic,
author={Agarwal, PankajK. and Gao, Jie and Guibas, LeonidasJ.},
title={Kinetic Medians and kd-Trees},
year=2002,
booktitle={Algorithms - ESA 2002},
volume=2461,
series={Lecture Notes in Computer Science},
editor={Möhring, Rolf and Raman, Rajeev},
publisher={Springer},
pages={5-17},
language={English}
}

@article{durocher2009projection,
author = "Stephane Durocher and David Kirkpatrick",
title = "The projection median of a set of points ",
journal = "Computational Geometry",
volume = "42",
number = "5",
pages = "364 - 375",
year = "2009"
}

@article{basu2012projection,
author={Basu, Riddhipratim and Bhattacharya, BhaswarB. and Talukdar, Tanmoy},
year=2012,
journal={Discrete \& Computational Geometry},
volume=47,
number=2,
title={The Projection Median of a Set of Points in {$\R^d$}},
publisher={Springer},
pages={329-346},
language={English}
}


@incollection{as-aa-00
, author =  "Pankaj K. Agarwal and Micha Sharir"
, title =   "Arrangements and Their Applications"
, editor =  "J{\"o}rg-R{\"u}diger Sack and Jorge Urrutia"
, booktitle =   "Handbook of Computational Geometry"
, publisher =   "Elsevier Science Publishers B.V. North-Holland"
, address = "Amsterdam"
, year =    2000
, pages =   "49--119"
, update =  "00.03 bibrelex, 99.03 bibrelex, 98.11 bibrelex, 98.07 mitchell"
, annote =  "Chapter 2 of su-hcg-00"
}



@incollection{h-a-97
, author =  "D. Halperin"
, title =   "Arrangements"
, chapter = 21
, editor =  "Jacob E. Goodman and Joseph O'Rourke"
, booktitle =   "Handbook of Discrete and Computational Geometry"
, publisher =   "CRC Press LLC"
, address = "Boca Raton, FL"
, year =    1997
, pages =   "389--412"
, update =  "97.11 orourke"
}

@article{BovetB88,
 author = "P. Bovet and S. Benhamou",
 title = "Spatial analysis of animals' movements using a correlated random walk model",
 journal = "J. Theoretical Biology",
 volume = 131,
 number = 4,
 pages = "419--433",
 year = 1988,
 issn = "0022-5193",
 doi = "DOI: 10.1016/S0022-5193(88)80038-9",
 url = "http://www.sciencedirect.com/science/article/B6WMD-4KSRX9Y-3/2/4c3b98486687cce0a6118283cb5b97c8",
}

@article{Calenge200934,
title = "The concept of animals' trajectories from a data analysis perspective",
journal = "Ecological Informatics",
volume = "4",
number = "1",
pages = "34 - 41",
year = "2009",
note = "",
issn = "1574-9541",
doi = "10.1016/j.ecoinf.2008.10.002",
url = "http://www.sciencedirect.com/science/article/pii/S1574954108000654",
author = "Cl{\'e}ment Calenge and St{\'e}phane Dray and Manuela Royer-Carenzi",
keywords = "Adehabitat",
keywords = "Global Positioning System",
keywords = "Animal movements",
keywords = "R software",
keywords = "Trajectory analysis"
}

@article{gal-nmibc-09,
author = {Gurarie, Eliezer and Andrews, Russel D. and Laidre, Kristin L.},
title = {A novel method for identifying behavioural changes in animal movement data},
journal = {Ecology Letters},
volume = {12},
number = {5},
url = {http://dx.doi.org/10.1111/j.1461-0248.2009.01293.x},
doi = {10.1111/j.1461-0248.2009.01293.x},
pages = {395--408},
year = {2009}
}

@article{Stohl1998947,
title = "Computation, accuracy and applications of trajectories -- A review and bibliography",
journal = "Atmospheric Environment",
volume = "32",
number = "6",
pages = "947 - 966",
year = "1998",
note = "",
issn = "1352-2310",
doi = "10.1016/S1352-2310(97)00457-3",
url = "http://www.sciencedirect.com/science/article/pii/S1352231097004573",
author = "Andreas Stohl",
keywords = "Trajectories",
keywords = "Lagrangian",
keywords = "transport",
keywords = "accuracy of trajectories",
keywords = "trajectory statistics",
keywords = "particle models",
keywords = "box models"
}

@INPROCEEDINGS{lltx-dftf-10,
  author={Xiaojie Li and Xiang Li and Daimin Tang and Xianrui Xu},
  booktitle={Proc. 18th International Conference on Geoinformatics},
  title={Deriving features of traffic flow around an intersection from trajectories of vehicles},
  year={2010},
  pages={1--5},
  organization={IEEE}
}

@article{dwf-rpm-09,
title = "Revealing the physics of movement: Comparing the similarity of movement characteristics of different types of moving objects",
journal = "Computers, Environment and Urban Systems",
volume = "33",
number = "6",
pages = "419--434",
year = "2009",
author = "Somayeh Dodge and Robert Weibel and Ehsan Forootan"
}

@article{bbgll-dcpcs-11,
author = {Kevin Buchin and Maike Buchin and Joachim Gudmundsson and Maarten L{\"o}ffler and Jun Luo},
title = {Detecting commuting patterns by clustering subtrajectories},
journal = {International Journal of Computational Geometry \& Applications},
volume = {21},
number = {03},
pages = {253-282},
year = {2011},
doi = {10.1142/S0218195911003652},
URL = {http://www.worldscientific.com/doi/abs/10.1142/S0218195911003652},
eprint = {http://www.worldscientific.com/doi/pdf/10.1142/S0218195911003652}
}

@InProceedings{gs-tcmrm-99,
  author =   {S. Gaffney and P. Smyth},
  title =    {Trajectory Clustering with Mixtures of Regression Models},
  booktitle = {Proc. 5th {ACM SIGKDD} Internat. Conf. Knowledge Discovery and Data Mining},
  pages =    {63--72},
  year =   {1999},
}



@Article{grsc-pcecu-07,
  author =   {S. Gaffney and A. Robertson and P. Smyth and S. Camargo and M. Ghil},
  title =    {Probabilistic Clustering of Extratropical Cyclones Using Regression Mixture Models},
  journal =    {Climate Dynamics},
  year =   {2007},
  volume =   {29},
  number =   {4},
  pages =    {423--440},
}

@InProceedings{vgk-dsmt-02,
  author =   {M. Vlachos and D. Gunopulos and G. Kollios},
  title =    {Discovering Similar Multidimensional Trajectories},
  booktitle = {Proc. 18th Internat. Conf. Data Engineering},
  pages =    {673--684},
  year =   {2002},
}

@inproceedings{lhw-tc-07
, author = "J.G. Lee and J. Han and K.Y. Whang"
, title = "Trajectory clustering: a partition-and-group framework"
, booktitle = "Proc. ACM SIGMOD International Conference on Management of Data"
, pages = "593--604"
, year = 2007
}


@inproceedings{hpr-fdre-11,
 author = {Har-Peled, Sariel and Raichel, Benjamin},
 title = {The {Fr\'echet} Distance Revisited and Extended},
 booktitle = {Proc. of the Twenty-seventh Annual Symposium on Computational Geometry},
 series = {SoCG '11},
 year = 2011,
 isbn = {978-1-4503-0682-9},
 location = {Paris, France},
 pages = {448--457},
 numpages = 10,
 url = {http://doi.acm.org/10.1145/1998196.1998269},
 doi = {10.1145/1998196.1998269},
 acmid = 1998269,
 publisher = {ACM},
 address = {New York, NY, USA},
 keywords = {approximation algorithms, frechet distance, realistic input models},
}

@Article{Mat1993,
author="Matou{\v{s}}ek, Ji{\v{r}}{\'i}",
title="Range searching with efficient hierarchical cuttings",
journal="Discrete {\&} Computational Geometry",
year="1993",
month="Aug",
day="01",
volume="10",
number="2",
pages="157--182",
issn="1432-0444",
doi="10.1007/BF02573972",
url="https://doi.org/10.1007/BF02573972"
}

@inproceedings{demaine2010kinetic,
  title={Kinetic minimum spanning circle},
  author={Demaine, Erik D and Eisenstat, Sarah and Guibas, Leonidas J and Schulz, Andr{\'e}},
  booktitle={Proceedings of the Fall Workshop on Computational Geometry},
  year={2010}
}

@inproceedings{imai1998computational,
    author = {Hiroshi Imai and Masao Iri},
    title = {Polygonal approximations of a curve – formulations and algorithms},
    booktitle = {Computational Morphology},
    year = {1988},
    pages = {71--86},
    publisher = {Elsevier Science}
}

@inproceedings{amato2000computing,
  title={Computing the arrangement of curve segments: Divide-and-conquer algorithms via sampling},
  author={Amato, Nancy M and Goodrich, Michael T and Ramos, Edgar A},
  booktitle={Proc. 11th Annual ACM-SIAM Sympos. on Discrete Algorithms},
  volume=9,
  number=11,
  pages={705--706},
  year=2000
}


@inproceedings{ahn2016middle,
author="Ahn, Hee-Kap
and Alt, Helmut
and Buchin, Maike
and Oh, Eunjin
and Scharf, Ludmila
and Wenk, Carola",
editor="Kranakis, Evangelos
and Navarro, Gonzalo
and Ch{\'a}vez, Edgar",
title="A Middle Curve Based on Discrete {Fr\'e}chet Distance",
booktitle="Proc. LATIN 2016: Theoretical Informatics: 12th Latin American Symposium",
year="2016",
publisher="Springer",
pages="14--26",
isbn="978-3-662-49529-2",
doi="10.1007/978-3-662-49529-2_2",
url="http://dx.doi.org/10.1007/978-3-662-49529-2_2"
}

@inproceedings{agarwal2001approx_extent,
 author = {Agarwal, Pankaj K. and Har-Peled, Sariel},
 title = {Maintaining Approximate Extent Measures of Moving Points},
 booktitle = {Proceedings of the Twelfth Annual ACM-SIAM Symposium on Discrete Algorithms},
 series = {SODA '01},
 year = 2001,
 isbn = {0-89871-490-7},
 location = {Washington, D.C., USA},
 pages = {148--157},
 numpages = 10,
 url = {http://dl.acm.org/citation.cfm?id=365411.365431},
 acmid = 365431,
 publisher = {Society for Industrial and Applied Mathematics},
 address = {Philadelphia, PA, USA},
}

@article{durocher2006steinercenter,
author = {Durocher, Stephane and Kirkpatrick, David},
title = {The {S}teiner Centre of a Set of Points: Stability, Eccentricity, and Applications to Mobile Facility Location},
journal = {International Journal of Computational Geometry \& Applications},
volume = 16,
number = 04,
pages = {345-371},
year = 2006,
doi = {10.1142/S0218195906002075}
}

@article{full-arxiv,
  author = "van Kreveld, Marc and L{\"o}ffler, Maarten and Staals, Frank",
  title = "Central Trajectories",
  journal   = "CoRR",
  volume    = "abs/1501.01822",
  year      = 2015,
  ee        = "http://arxiv.org/abs/1501.01822",
}

@article{pocchiola1996visibility,
  title={The visibility complex},
  author={Pocchiola, Michel and Vegter, Gert},
  journal={International Journal of Computational Geometry \& Applications},
  volume={6},
  number={03},
  pages={279--308},
  year={1996},
  publisher={World Scientific}
}

@article{barba2014computing,
  title={Computing a visibility polygon using few variables},
  author={Barba, Luis and Korman, Matias and Langerman, Stefan and Silveira, Rodrigo I},
  journal={Computational geometry},
  volume={47},
  number={9},
  pages={918--926},
  year={2014},
  publisher={Elsevier}
}

@article{avis1981optimal,
  title={An optimal algorithm for determining the visibility of a polygon from an edge},
  author={Avis, David and Toussaint, Godfried T.},
  journal={IEEE Transactions on Computers},
  number={12},
  pages={910--914},
  year={1981},
  publisher={IEEE}
}

@article{lee1986computing,
  title={Computing the visibility polygon from an edge},
  author={Lee, Der-Tsai and Lin, Arthur K},
  journal={Computer vision, graphics, and image processing},
  volume={34},
  number={1},
  pages={1--19},
  year={1986},
  publisher={Elsevier}
}

@inproceedings{asano1985visibility,
  title={Visibility-polygon search and euclidean shortest paths},
  author={Asano, Takao and Asano, Tetsuo and Guibas, Leonidas and Hershberger, John and Imai, Hiroshi},
  booktitle={26th Annual Symposium on Foundations of Computer Science (sfcs 1985)},
  pages={155--164},
  year={1985},
  organization={IEEE}
}
@Article{Chazelle1989,
author="Chazelle and Guibas",
title="Visibility and intersection problems in plane geometry",
journal="DCG",
year="1989"
}

@techreport{agarwal1996range,
  title={Range Searching.},
  author={Agarwal, Pankaj K},
  year={1996},
  institution={DUKE UNIV DURHAM NC DEPT OF COMPUTER SCIENCE}
}

@article{chazelle1993cutting,
  title={Cutting hyperplanes for divide-and-conquer},
  author={Chazelle, Bernard},
  journal={Discrete \& Computational Geometry},
  volume={9},
  number={2},
  pages={145--158},
  year={1993},
  publisher={Springer}
}

@article{chazelle1994ray,
  title={Ray shooting in polygons using geodesic triangulations},
  author={Chazelle, Bernard and Edelsbrunner, Herbert and Grigni, Michelangelo and Guibas, Leonidas and Hershberger, John and Sharir, Micha and Snoeyink, Jack},
  journal={Algorithmica},
  volume={12},
  number={1},
  pages={54--68},
  year={1994},
  publisher={Springer}
}

@article{hershberger1991new,
  title={A new data structure for shortest path queries in a simple polygon},
  author={Hershberger, John},
  journal={Information Processing Letters},
  volume={38},
  number={5},
  pages={231--235},
  year={1991},
  publisher={Elsevier}
}
@book{canny1988complexity,
  title={The complexity of robot motion planning},
  author={Canny, John},
  year={1988},
  publisher={MIT press}
}
@incollection{de1997computational,
  title={Computational geometry},
  author={De Berg, Mark and Van Kreveld, Marc and Overmars, Mark and Schwarzkopf, Otfried},
  booktitle={Computational geometry},
  pages={1--17},
  year={1997},
  publisher={Springer}
}

@inproceedings{zarei2005efficient,
  title={Efficient computation of query point visibility in polygons with holes},
  author={Zarei, Alireza and Ghodsi, Mohammad},
  booktitle={Proceedings of the twenty-first annual symposium on Computational geometry},
  pages={314--320},
  year={2005},
  organization={ACM}
}

@article{joe1987corrections,
  title={Corrections to Lee's visibility polygon algorithm},
  author={Joe, Barry and Simpson, Richard B},
  journal={BIT Numerical Mathematics},
  volume={27},
  number={4},
  pages={458--473},
  year={1987},
  publisher={Springer}
}

@article{lee1983visibility,
  title={Visibility of a simple polygon},
  author={Lee, Der-Tsai},
  journal={Computer Vision, Graphics, and Image Processing},
  volume={22},
  number={2},
  pages={207--221},
  year={1983},
  publisher={Elsevier}
}

@article{el1981linear,
  title={A linear algorithm for computing the visibility polygon from a point},
  author={El Gindy, Hossam and Avis, David},
  journal={Journal of Algorithms},
  volume={2},
  number={2},
  pages={186--197},
  year={1981},
  publisher={Elsevier}
}

@article{sarnak1986planar,
  title={Planar point location using persistent search trees},
  author={Sarnak, Neil and Tarjan, Robert E},
  journal={Communications of the ACM},
  volume={29},
  number={7},
  pages={669--679},
  year={1986},
  publisher={ACM}
}

@article{chan2012optimal,
  title={Optimal partition trees},
  author={Chan, Timothy M},
  journal={Discrete \& Computational Geometry},
  volume={47},
  number={4},
  pages={661--690},
  year={2012},
  publisher={Springer}
}

@article{matouvsek1992efficient,
  title={Efficient partition trees},
  author={Matou{\v{s}}ek},
  journal={DCG},
  year={1992}
}

@incollection{GudmundssonLW17,
  author    = {Joachim Gudmundsson and
               Patrick Laube and
               Thomas Wolle},
  title     = {Movement Patterns in Spatio-Temporal Data},
  booktitle = {Encyclopedia of {GIS.}},
  pages     = {1362--1370},
  year      = {2017},
  url       = {https://doi.org/10.1007/978-3-319-17885-1\_823},
  doi       = {10.1007/978-3-319-17885-1\_823},
  timestamp = {Wed, 12 Jul 2017 09:11:30 +0200},
  biburl    = {https://dblp.org/rec/bib/reference/gis/GudmundssonLW17},
  bibsource = {dblp computer science bibliography, https://dblp.org}
}

@book{ORourke87,
 author = {O'Rourke, Joseph},
 title = {Art Gallery Theorems and Algorithms},
 year = {1987},
 isbn = {0-19-503965-3},
 publisher = {Oxford University Press, Inc.},
 address = {New York, NY, USA},
}

@article{LeeP84,
  author    = {Der{-}Tsai Lee and
               Franco P. Preparata},
  title     = {Euclidean shortest paths in the presence of rectilinear barriers},
  journal   = {Networks},
  volume    = {14},
  number    = {3},
  pages     = {393--410},
  year      = {1984},
  url       = {https://doi.org/10.1002/net.3230140304},
  doi       = {10.1002/net.3230140304},
  timestamp = {Wed, 14 Nov 2018 10:12:47 +0100},
  biburl    = {https://dblp.org/rec/bib/journals/networks/LeeP84},
  bibsource = {dblp computer science bibliography, https://dblp.org}
}

@techreport{ReifS85,
  title={Shortest Paths in Euclidean Space with Polyhedral Obstacles.},
  author={Reif, John H and Storer, James A},
  year={1985},
  institution={HARVARD UNIV CAMBRIDGE MA AIKEN COMPUTATION LAB}
}

@article{GuibasHLST87,
  author    = {Leonidas J. Guibas and
               John Hershberger and
               Daniel Leven and
               Micha Sharir and
               Robert Endre Tarjan},
  title     = {Linear-Time Algorithms for Visibility and Shortest Path Problems Inside
               Triangulated Simple Polygons},
  journal   = {Algorithmica},
  volume    = {2},
  pages     = {209--233},
  year      = {1987},
  url       = {https://doi.org/10.1007/BF01840360},
  doi       = {10.1007/BF01840360},
  timestamp = {Wed, 03 Jan 2018 16:51:51 +0100},
  biburl    = {https://dblp.org/rec/bib/journals/algorithmica/GuibasHLST87},
  bibsource = {dblp computer science bibliography, https://dblp.org}
}

@article{Chvatal75,
  title={A combinatorial theorem in plane geometry},
  author={Chvatal, Vasek},
  journal={Journal of Combinatorial Theory, Series B},
  volume={18},
  number={1},
  pages={39--41},
  year={1975},
  publisher={Academic Press}
}

@article{Fisk78,
  title={A short proof of Chv{\'a}tal's watchman theorem},
  author={Fisk, Steve},
  journal={Journal of Combinatorial Theory, Series B},
  volume={24},
  number={3},
  pages={374},
  year={1978},
  publisher={Elsevier}
}

@inproceedings{LaubeKI04,
  author    = {Patrick Laube and
               Marc J. van Kreveld and
               Stephan Imfeld},
  title     = {Finding {REMO} - Detecting Relative Motion Patterns in Geospatial
               Lifelines},
  booktitle = {Developments in Spatial Data Handling, 11th International Symposium
               on Spatial Data Handling, Leicester, UK, August 23-25, 2004},
  pages     = {201--215},
  year      = {2004},
  url       = {https://doi.org/10.1007/3-540-26772-7\_16},
  doi       = {10.1007/3-540-26772-7\_16},
  timestamp = {Tue, 25 Jul 2017 13:24:48 +0200},
  biburl    = {https://dblp.org/rec/bib/conf/sdh/LaubeKI04},
  bibsource = {dblp computer science bibliography, https://dblp.org}
}

@inproceedings{AnderssonGLW07,
  author    = {Mattias Andersson and
               Joachim Gudmundsson and
               Patrick Laube and
               Thomas Wolle},
  title     = {Reporting leadership patterns among trajectories},
  booktitle = {Proceedings of the 2007 {ACM} Symposium on Applied Computing (SAC),
               Seoul, Korea, March 11-15, 2007},
  pages     = {3--7},
  year      = {2007},
  url       = {https://doi.org/10.1145/1244002.1244004},
  doi       = {10.1145/1244002.1244004},
  timestamp = {Tue, 06 Nov 2018 11:06:49 +0100},
  biburl    = {https://dblp.org/rec/bib/conf/sac/AnderssonGLW07},
  bibsource = {dblp computer science bibliography, https://dblp.org}
}

@article{BenkertGHW08,
  author    = {Marc Benkert and
               Joachim Gudmundsson and
               Florian H{\"{u}}bner and
               Thomas Wolle},
  title     = {Reporting flock patterns},
  journal   = {Comput. Geom.},
  volume    = {41},
  number    = {3},
  pages     = {111--125},
  year      = {2008},
  url       = {https://doi.org/10.1016/j.comgeo.2007.10.003},
  doi       = {10.1016/j.comgeo.2007.10.003},
  timestamp = {Sat, 20 May 2017 00:25:27 +0200},
  biburl    = {https://dblp.org/rec/bib/journals/comgeo/BenkertGHW08a},
  bibsource = {dblp computer science bibliography, https://dblp.org}
}

@article{Kirkpatrick83,
  author    = {David G. Kirkpatrick},
  title     = {Optimal Search in Planar Subdivisions},
  journal   = {{SIAM} J. Comput.},
  volume    = {12},
  number    = {1},
  pages     = {28--35},
  year      = {1983},
  url       = {https://doi.org/10.1137/0212002},
  doi       = {10.1137/0212002},
  timestamp = {Wed, 14 Nov 2018 10:45:08 +0100},
  biburl    = {https://dblp.org/rec/bib/journals/siamcomp/Kirkpatrick83},
  bibsource = {dblp computer science bibliography, https://dblp.org}
}